<?xml version='1.0' encoding='UTF-8'?>
<record xmlns="http://www.loc.gov/MARC21/slim">
  <leader>01112cam a22003015  4500</leader>
  <controlfield tag="001">2787789</controlfield>
  <controlfield tag="003">NjP</controlfield>
  <controlfield tag="005">20170516151440.0</controlfield>
  <controlfield tag="008">991119s1960    ir            000 0 ara d</controlfield>
  <datafield tag="024" ind1="7" ind2=" ">
    <subfield code="a">princeton_aco002003</subfield>
    <subfield code="2">local</subfield>
  </datafield>
  <datafield ind1=" " ind2=" " tag="035">
    <subfield code="a">(OCoLC)ocn178691137</subfield>
  </datafield>
  <datafield ind1=" " ind2=" " tag="035">
    <subfield code="a">(OCoLC)ocm42861419</subfield>
  </datafield>
  <datafield ind1=" " ind2=" " tag="040">
    <subfield code="a">PUL</subfield>
    <subfield code="c">PUL</subfield>
    <subfield code="d">PUL</subfield>
  </datafield>
  <datafield ind1=" " ind2=" " tag="035">
    <subfield code="a">(OCoLC)178691137</subfield>
  </datafield>
  <datafield ind1=" " ind2=" " tag="035">
    <subfield code="9">CNJ6811TS</subfield>
  </datafield>
  <datafield ind1=" " ind2=" " tag="035">
    <subfield code="a">(NjP)2787789</subfield>
  </datafield>
  <datafield ind1=" " ind2=" " tag="079">
    <subfield code="a">ocm42861419</subfield>
  </datafield>
  <datafield ind1=" " ind2=" " tag="049">
    <subfield code="a">PULL</subfield>
  </datafield>
  <datafield ind1="1" ind2=" " tag="100">
    <subfield code="6">880-01</subfield>
    <subfield code="a">Tabrīzī, Ḥasan ibn Abī al-Ḥasan al-Ḥusaynī.</subfield>
  </datafield>
  <datafield ind1="0" ind2="3" tag="245">
    <subfield code="6">880-02</subfield>
    <subfield code="a">al-Inṣāf fī tark al-anṣāf.</subfield>
  </datafield>
  <datafield ind1=" " ind2=" " tag="260">
    <subfield code="6">880-03</subfield>
    <subfield code="a">[Tabrīz]</subfield>
    <subfield code="b">Chāpkhāneh-yi Shirkat-i Sihāmī-yi Chāp-i Kitāb-i Āz̲arbabāyjān</subfield>
    <subfield code="c">[1380? [1960?]]</subfield>
  </datafield>
  <datafield ind1=" " ind2=" " tag="300">
    <subfield code="a">28 p.</subfield>
    <subfield code="c">22 cm.</subfield>
  </datafield>
  <datafield ind1=" " ind2=" " tag="546">
    <subfield code="a">In Arabic.</subfield>
  </datafield>
  <datafield ind1=" " ind2="0" tag="650">
    <subfield code="a">Weights and measures, Islamic.</subfield>
  </datafield>
  <datafield ind1="1" ind2=" " tag="880">
    <subfield code="6">100-01/r</subfield>
    <subfield code="a">تبريزي، حسن بن ابي الحسن الحسيني.</subfield>
  </datafield>
  <datafield ind1="0" ind2="2" tag="880">
    <subfield code="6">245-02/r</subfield>
    <subfield code="a">الانصاف في ترك الانصاف.</subfield>
  </datafield>
  <datafield ind1=" " ind2=" " tag="880">
    <subfield code="6">260-03/r</subfield>
    <subfield code="a">[تبرىز]</subfield>
    <subfield code="b">چاپخانهى شرکت سهامىى چاپ کتاب آذربباىجان</subfield>
    <subfield code="c">[1380؟ [1960؟]]</subfield>
  </datafield>
  <datafield ind1=" " ind2=" " tag="911">
    <subfield code="a">20000130</subfield>
  </datafield>
  <datafield ind1=" " ind2=" " tag="994">
    <subfield code="a">C0</subfield>
    <subfield code="b">PUL</subfield>
  </datafield>
  <datafield ind1=" " ind2=" " tag="999">
    <subfield code="a">2787789</subfield>
  </datafield>
  <datafield ind1="0" ind2="0" tag="852">
    <subfield code="0">3098753</subfield>
    <subfield code="b">nec</subfield>
    <subfield code="t">1</subfield>
    <subfield code="h">HF5715.I742</subfield>
    <subfield code="i">T337 1960</subfield>
  </datafield>
  <datafield ind1=" " ind2=" " tag="959">
    <subfield code="a">2009-07-02 12:40:30 -0400</subfield>
  </datafield>
</record>
